%% This BibTeX bibliography file was created using BibDesk.
%% http://bibdesk.sourceforge.net/


%% Created for Basile Wicky at 2012-12-19 11:31:44 +0100 


%% Saved with string encoding Unicode (UTF-8) 



@article{riley2003transmission,
	Author = {Riley, S. and Fraser, C. and Donnelly, C.A. and Ghani, A.C. and Abu-Raddad, L.J. and Hedley, A.J. and Leung, G.M. and Ho, L.M. and Lam, T.H. and Thach, T.Q. and others},
	Date-Added = {2012-12-19 10:31:28 +0000},
	Date-Modified = {2012-12-19 10:31:28 +0000},
	Journal = {Science},
	Number = {5627},
	Pages = {1961--1966},
	Publisher = {American Association for the Advancement of Science},
	Title = {Transmission dynamics of the etiological agent of SARS in Hong Kong: impact of public health interventions},
	Volume = {300},
	Year = {2003}}

@book{seely2009pieces,
	Author = {Seely, H.},
	Date-Added = {2012-12-19 10:09:56 +0000},
	Date-Modified = {2012-12-19 10:09:56 +0000},
	Publisher = {Simon \& Schuster},
	Title = {Pieces of intelligence: The existential poetry of Donald H. Rumsfeld},
	Year = {2009}}

@article{gourevitch1978second,
	Author = {Gourevitch, P.},
	Date-Added = {2012-12-19 10:08:40 +0000},
	Date-Modified = {2012-12-19 10:08:40 +0000},
	Journal = {International Organization},
	Number = {4},
	Pages = {881--912},
	Publisher = {Cambridge Univ Press},
	Title = {The second image reversed: the international sources of domestic politics},
	Volume = {32},
	Year = {1978}}

@article{abrahms2013credibility,
	Author = {Abrahms, M.},
	Date-Added = {2012-12-19 10:07:57 +0000},
	Date-Modified = {2012-12-19 10:07:57 +0000},
	Journal = {International Studies Quarterly},
	Title = {The Credibility Paradox: Violence as a Double-Edged Sword in International Politics,'' International Studies Quarterly (December 2013)},
	Year = {2013}}

@book{davis1997serpent,
	Author = {Davis, W.},
	Date-Added = {2012-12-19 09:20:06 +0000},
	Date-Modified = {2012-12-19 09:20:06 +0000},
	Publisher = {Simon \& Schuster},
	Title = {The serpent and the rainbow},
	Year = {1997}}

@book{brooks2006world,
	Author = {Brooks, M.},
	Date-Added = {2012-12-19 09:07:19 +0000},
	Date-Modified = {2012-12-19 09:07:19 +0000},
	Publisher = {Crown},
	Title = {World War Z},
	Year = {2006}}

@article{twohy2008voodoo,
	Author = {Twohy, M. and Dublin, I.},
	Date-Added = {2012-12-19 09:06:23 +0000},
	Date-Modified = {2012-12-19 09:06:23 +0000},
	Journal = {Dublin: Trinity College Dublin},
	Title = {From Voodoo to Viruses: The Evolution of the Zombie in Twentieth Century Popular Culture},
	Year = {2008}}

@book{paccalet2006humanite,
	Author = {Paccalet, Y.},
	Date-Added = {2012-12-19 08:48:15 +0000},
	Date-Modified = {2012-12-19 08:48:15 +0000},
	Publisher = {Arthaud},
	Title = {L'humanit{\'e} dispara{\^\i}tra, bon d{\'e}barras!},
	Year = {2006}}

@article{Kuperman2001qy,
	Author = {Marcelo Kuperman},
	Date-Added = {2012-12-14 22:36:00 +0000},
	Date-Modified = {2012-12-14 22:36:00 +0000},
	Doi = {10.1103/PhysRevLett.86.2909},
	Journal = {Physical Review Letters},
	Number = {13},
	Pages = {2909--2912},
	Title = {Small World Effect in an Epidemiological Model},
	Volume = {86},
	Year = {2001},
	Bdsk-Url-1 = {http://dx.doi.org/10.1103/PhysRevLett.86.2909}}

@article{stone2007seasonal,
	Author = {Stone, L. and Olinky, R. and Huppert, A.},
	Date-Added = {2012-12-14 22:35:14 +0000},
	Date-Modified = {2012-12-14 22:35:14 +0000},
	Journal = {Nature},
	Number = {7135},
	Pages = {533--536},
	Publisher = {Nature Publishing Group},
	Title = {Seasonal dynamics of recurrent epidemics},
	Volume = {446},
	Year = {2007}}

@article{littlewood1997clinical,
	Author = {Littlewood, R. and Douyon, C. and others},
	Date-Added = {2012-12-14 22:34:53 +0000},
	Date-Modified = {2012-12-14 22:34:53 +0000},
	Journal = {Lancet},
	Number = {9084},
	Pages = {1094--1096},
	Publisher = {London: J. Onwhyn, 1823-},
	Title = {Clinical findings in three cases of zombification},
	Volume = {350},
	Year = {1997}}

@article{m1925applications,
	Author = {M'Kendrick, AG},
	Date-Added = {2012-12-14 22:34:01 +0000},
	Date-Modified = {2012-12-14 22:34:01 +0000},
	Journal = {Proceedings of the Edinburgh Mathematical Society},
	Number = {1},
	Pages = {98--130},
	Publisher = {Cambridge Univ Press},
	Title = {Applications of mathematics to medical problems},
	Volume = {44},
	Year = {1925}}

@article{brauer2008compartmental,
	Author = {Brauer, F.},
	Date-Added = {2012-12-14 22:31:46 +0000},
	Date-Modified = {2012-12-14 22:31:46 +0000},
	Journal = {Mathematical epidemiology},
	Pages = {19--79},
	Publisher = {Springer},
	Title = {Compartmental models in epidemiology},
	Year = {2008}}

@article{bennett1995modelling,
	Author = {Bennett, P.G.},
	Date-Added = {2012-12-08 19:01:17 +0000},
	Date-Modified = {2012-12-08 19:01:17 +0000},
	Journal = {Mershon International Studies Review},
	Pages = {19--52},
	Publisher = {JSTOR},
	Title = {Modelling decisions in international relations: game theory and beyond},
	Year = {1995}}

@article{balcan2011phase,
	Author = {Balcan, D. and Vespignani, A.},
	Date-Added = {2012-12-08 19:00:49 +0000},
	Date-Modified = {2012-12-08 19:00:49 +0000},
	Journal = {Nature physics},
	Number = {7},
	Pages = {581--586},
	Publisher = {Nature Publishing Group},
	Title = {Phase transitions in contagion processes mediated by recurrent mobility patterns},
	Volume = {7},
	Year = {2011}}

@article{funk2010modelling,
	Author = {Funk, S. and Salath{\'e}, M. and Jansen, V.A.A.},
	Date-Added = {2012-12-08 19:00:13 +0000},
	Date-Modified = {2012-12-08 19:00:13 +0000},
	Journal = {Journal of The Royal Society Interface},
	Number = {50},
	Pages = {1247--1256},
	Publisher = {The Royal Society},
	Title = {Modelling the influence of human behaviour on the spread of infectious diseases: a review},
	Volume = {7},
	Year = {2010}}

@article{reluga2010game,
	Author = {Reluga, T.C.},
	Date-Added = {2012-12-08 18:59:38 +0000},
	Date-Modified = {2012-12-08 18:59:38 +0000},
	Journal = {PLoS computational biology},
	Number = {5},
	Pages = {e1000793},
	Publisher = {Public Library of Science},
	Title = {Game theory of social distancing in response to an epidemic},
	Volume = {6},
	Year = {2010}}

@article{reluga2009sis,
	Author = {Reluga, T.C.},
	Date-Added = {2012-12-08 18:59:15 +0000},
	Date-Modified = {2012-12-08 18:59:15 +0000},
	Journal = {Journal of Biological Dynamics},
	Number = {5},
	Pages = {515--531},
	Publisher = {Taylor \& Francis},
	Title = {An SIS epidemiology game with two subpopulations},
	Volume = {3},
	Year = {2009}}

@article{munz2009zombies,
	Author = {Munz, P. and Hudea, I. and Imad, J. and Smith, R.J.},
	Date-Added = {2012-12-08 18:57:46 +0000},
	Date-Modified = {2012-12-08 18:57:46 +0000},
	Journal = {Infectious Disease Modelling Research Progress. Hauppauge NY: Nova Science Publishers},
	Pages = {133--150},
	Title = {When zombies attack!: mathematical modelling of an outbreak of zombie infection},
	Year = {2009}}

@book{drezner,
	Author = {Drezner, D.W.},
	Date-Added = {2012-12-08 18:56:58 +0000},
	Date-Modified = {2012-12-08 18:56:58 +0000},
	Publisher = {Princeton University Press},
	Title = {Theories of international politics and zombies},
	Year = {2011}}

@misc{residentevil,
	Author = {Capcom, Shinji Mikami (creator)},
	Title = {Resident Evil},
	Year = {1996-2007}}

@misc{nightofthelivingdead,
	Author = "{Romero} George A. (writer and director)",
	Title = {Night of the Living Dead},
	Year = {1968}}

@misc{28dayslater,
	Author = "{Boyle} Danny (director), {Garland} Alex (writer)",
	Title = {28 Days Later},
	Year = {2002}}

@misc{decay,
	Author = "{Thompson} Luke (director and writer)",
	Title = {Decay},
	Year = {2012}}
